@article{Garlaschelli2009a,
author = {Garlaschelli, Diego and Loffredo, Maria I.},
doi = {10.1103/PhysRevLett.102.038701},
file = {:data1/mendeley/Garlaschelli, Loffredo/Physical Review Letters/Garlaschelli, Loffredo - 2009 - Generalized Bose-Fermi Statistics and Structural Correlations in Weighted Networks.pdf:pdf},
issn = {0031-9007},
journal = {Physical Review Letters},
month = {jan},
number = {3},
pages = {038701},
title = {{Generalized Bose-Fermi Statistics and Structural Correlations in Weighted Networks}},
url = {http://link.aps.org/doi/10.1103/PhysRevLett.102.038701},
volume = {102},
year = {2009}
}
